@article{Sample,
	author = {First Author and Second Author},
	title = {The Title},
	volume = {00},
	year = {20XX},
	doi = {DOI://0.0.0},
	publisher = {Publisher Name},
	issn = {issn-no},
	URL = {https://url.com/url},
	journal = {Journal Name}
}
